@Manual{R,
  title = {R: A Language and Environment for Statistical Computing},
  author = {{R Core Team}},
  organization = {R Foundation for Statistical Computing},
  address = {Vienna, Austria},
  year = {2012},
  note = {{ISBN} 3-900051-07-0},
  url = {http://www.R-project.org/},
}

@article{ihaka:1996,
  Author = {Ihaka, Ross and Gentleman, Robert},
	Journal = {Journal of Computational and Graphical Statistics},
	Number = 3,
	Pages = {299--314},
	Title = {R: A Language for Data Analysis and Graphics},
	Volume = 5,
	Year = 1996}
	
@article{burns2004,
  author = {Burns, Patrick},
  title = {Performance Measurement Via Random Portfolios},
  year = {2004},
  url = {https://papers.ssrn.com/sol3/papers.cfm?abstract_id=630123}
}

@article{burns2006,
  author = {Burns, Patrick},
  title = {Random Portfolios for Evaluating Trading Strategies},
  year = {2006},
  url = {http://www.burns-stat.com/pages/Working/evalstrat.pdf}
}

@book{tomasini2009,
  author = {Tomasini, Emilio & Jaekle, Urban},
  title = {Trading Systems: A New Approach to System Development and Portfolio Optimization},
  year = {2009},
  publisher = {Harriman House}
}

@article{bailey2014,
  author = {Bailey, David H, Jonathan M Borwein, Marcos López de Prado, and Qiji Jim Zhu},
  title = {The Probability of Backtest Overfitting},
  year = {2014},
  url = {http://papers.ssrn.com/sol3/papers.cfm?abstract_id=2326253}
}

@article{harvey2015,
  author = {Harvey, Campbell R., and Yan Liu},
  title = {Backtesting},
  year = {2015},
  url = {http://ssrn.com/abstract=2345489}
}

@article{harvey2013,
  author = {Harvey, Campbell R., Yan Liu, and Caroline Zhu},
  title = {…and the Cross-Section of Expected Returns},
  year = {2013},
  url = {https://papers.ssrn.com/sol3/papers.cfm?abstract_id=2249314}
}

@article{peterson2017,
  author = {Peterson, Brian G.},
  title = {Developing & Backtesting Systematic Trading Strategies},
  year = {2017},
  url = {http://goo.gl/na4u5d}
}

